@article{foster2007,
  title={Combinators for bidirectional tree transformations: A linguistic approach to the view-update problem},
  author={Foster, J Nathan and Greenwald, Michael B and Moore, Jonathan T and Pierce, Benjamin C and Schmitt, Alan},
  journal={ACM Transactions on Programming Languages and Systems (TOPLAS)},
  volume={29},
  number={3},
  pages={17--es},
  year={2007},
  publisher={ACM New York, NY, USA}
}
@inproceedings{mahmood2021,
  title={Seamless variability management with the virtual platform},
  author={Mahmood, Wardah and Str{\"u}ber, Daniel and Berger, Thorsten and L{\"a}mmel, Ralf and Mukelabai, Mukelabai},
  booktitle={2021 IEEE/ACM 43rd International Conference on Software Engineering (ICSE)},
  pages={1658--1670},
  year={2021},
  organization={IEEE}
}
@inproceedings{stuanciulescu2016,
  title={Concepts, operations, and feasibility of a projection-based variation control system},
  author={St{\u{a}}nciulescu, Stefan and Berger, Thorsten and Walkingshaw, Eric and W{\k{a}}sowski, Andrzej},
  booktitle={2016 IEEE International Conference on Software Maintenance and Evolution (ICSME)},
  pages={323--333},
  year={2016},
  organization={IEEE}
}
@inproceedings{walkingshaw2012,
  author = {Walkingshaw, Eric and Erwig, Martin},
  title = {A Calculus for Modeling and Implementing Variation},
  year = {2012},
  isbn = {9781450311298},
  publisher = {Association for Computing Machinery},
  address = {New York, NY, USA},
  url = {https://doi.org/10.1145/2371401.2371421},
  doi = {10.1145/2371401.2371421},
  booktitle = {Proceedings of the 11th International Conference on Generative Programming and Component Engineering},
  pages = {132--140},
  numpages = {9},
  location = {Dresden, Germany},
  series = {GPCE '12}
}
@article{walkingshaw2014,
  title={Projectional editing of variational software},
  author={Walkingshaw, Eric and Ostermann, Klaus},
  journal={ACM SIGPLAN Notices},
  volume={50},
  number={3},
  pages={29--38},
  year={2014},
  publisher={ACM New York, NY, USA}
}
@inproceedings{kastner2008,
  title={Visualizing Software Product Line Variabilities in Source Code.},
  author={K{\"a}stner, Christian and Trujillo, Salvador and Apel, Sven},
  booktitle={SPLC (2)},
  pages={303--312},
  year={2008}
}
@inproceedings{kastner2008granularity,
  title={Granularity in software product lines},
  author={K{\"a}stner, Christian and Apel, Sven and Kuhlemann, Martin},
  booktitle={2008 ACM/IEEE 30th International Conference on Software Engineering},
  pages={311--320},
  year={2008},
  organization={IEEE}
}
@inproceedings{kersten2006using,
  title={Using task context to improve programmer productivity},
  author={Kersten, Mik and Murphy, Gail C},
  booktitle={Proceedings of the 14th ACM SIGSOFT international symposium on Foundations of software engineering},
  pages={1--11},
  year={2006}
}
@article{weiser1984program,
  title={Program slicing},
  author={Weiser, Mark},
  journal={IEEE Transactions on software engineering},
  number={4},
  pages={352--357},
  year={1984},
  publisher={IEEE}
}
@article{linton1984,
  title={Implementing relational views of programs},
  author={Linton, Mark A},
  journal={ACM SIGSOFT Software Engineering Notes},
  volume={9},
  number={3},
  pages={132--140},
  year={1984},
  publisher={ACM New York, NY, USA}
}
@inproceedings{chu2003visual,
  title={Visual separation of concerns through multidimensional program storage},
  author={Chu-Carroll, Mark C and Wright, James and Ying, Annie TT},
  booktitle={Proceedings of the 2nd international conference on Aspect-oriented software development},
  pages={188--197},
  year={2003}
}
@inproceedings{heidenreich2008,
  title={On Controlled Visualisations in Software Product Line Engineering.},
  author={Heidenreich, Florian and Savga, Ilie and Wende, Christian},
  booktitle={SPLC (2)},
  pages={335--341},
  year={2008}
}
@article{nestor2007visualisation,
  title={Visualisation of variability in software product line engineering},
  author={Nestor, Daren and O'Malley, Luke and Quigley, Aaron and Sikora, Ernst and Thiel, Steffen},
  year={2007}
}
@inproceedings{hofer2010toolchain,
  title={Toolchain-independent variant management with the Leviathan filesystem},
  author={Hofer, Wanja and Elsner, Christoph and Blendinger, Frank and Schr{\"o}der-Preikschat, Wolfgang and Lohmann, Daniel},
  booktitle={Proceedings of the 2nd International Workshop on Feature-Oriented Software Development},
  pages={18--24},
  year={2010}
}
@inproceedings{schwagerl2015,
  title={SuperModâ€”A model-driven tool that combines version control and software product line engineering},
  author={Schw{\"a}gerl, Felix and Buchmann, Thomas and Westfechtel, Bernhard},
  booktitle={2015 10th International Joint Conference on Software Technologies (ICSOFT)},
  volume={2},
  pages={1--14},
  year={2015},
  organization={IEEE}
}
@article{hofmann2011symmetric,
  title={Symmetric lenses},
  author={Hofmann, Martin and Pierce, Benjamin and Wagner, Daniel},
  journal={ACM SIGPLAN Notices},
  volume={46},
  number={1},
  pages={371--384},
  year={2011},
  publisher={ACM New York, NY, USA}
}
@inproceedings{bohannon2008boomerang,
  title={Boomerang: resourceful lenses for string data},
  author={Bohannon, Aaron and Foster, J Nathan and Pierce, Benjamin C and Pilkiewicz, Alexandre and Schmitt, Alan},
  booktitle={Proceedings of the 35th annual ACM SIGPLAN-SIGACT symposium on Principles of programming languages},
  pages={407--419},
  year={2008}
}
@inproceedings{barbosa2010matching,
  title={Matching lenses: alignment and view update},
  author={Barbosa, Davi MJ and Cretin, Julien and Foster, Nate and Greenberg, Michael and Pierce, Benjamin C},
  booktitle={Proceedings of the 15th ACM SIGPLAN international conference on Functional programming},
  pages={193--204},
  year={2010}
}
@article{miltner2017synthesizing,
  title={Synthesizing bijective lenses},
  author={Miltner, Anders and Fisher, Kathleen and Pierce, Benjamin C and Walker, David and Zdancewic, Steve},
  journal={Proceedings of the ACM on Programming Languages},
  volume={2},
  number={POPL},
  pages={1--30},
  year={2017},
  publisher={ACM New York, NY, USA}
}
@article{foster2008quotient,
  title={Quotient lenses},
  author={Foster, J Nathan and Pilkiewicz, Alexandre and Pierce, Benjamin C},
  journal={ACM Sigplan Notices},
  volume={43},
  number={9},
  pages={383--396},
  year={2008},
  publisher={ACM New York, NY, USA}
}
@inproceedings{hofmann2012edit,
  title={Edit lenses},
  author={Hofmann, Martin and Pierce, Benjamin and Wagner, Daniel},
  booktitle={Proceedings of the 39th annual ACM SIGPLAN-SIGACT symposium on Principles of programming languages},
  pages={495--508},
  year={2012}
}
@article{abou2016reflections,
  title={Reflections on monadic lenses},
  author={Abou-Saleh, Faris and Cheney, James and Gibbons, Jeremy and McKinna, James and Stevens, Perdita},
  journal={A List of Successes that can Change the World},
  pages={1--31},
  year={2016},
  publisher={Springer}
}
@article{rajkumar2014lenses,
  title={Lenses for web data},
  author={Rajkumar, Raghu and Foster, Nate and Lindley, Sam and Cheney, James},
  journal={Electronic Communications of the EASST},
  volume={57},
  year={2014}
}
@inproceedings{dubinsky2013exploratory,
  title={An exploratory study of cloning in industrial software product lines},
  author={Dubinsky, Yael and Rubin, Julia and Berger, Thorsten and Duszynski, Slawomir and Becker, Martin and Czarnecki, Krzysztof},
  booktitle={2013 17th European Conference on Software Maintenance and Reengineering},
  pages={25--34},
  year={2013},
  organization={IEEE}
}
@book{van2007software,
  title={Software product lines in action: the best industrial practice in product line engineering},
  author={Van der Linden, Frank J and Schmid, Klaus and Rommes, Eelco},
  year={2007},
  publisher={Springer Science \& Business Media}
}
@article{she2010variability,
  title={The Variability Model of The Linux Kernel.},
  author={She, Steven and Lotufo, Rafael and Berger, Thorsten and Wasowski, Andrzej and Czarnecki, Krzysztof},
  journal={VaMoS},
  volume={10},
  number={10},
  pages={45--51},
  year={2010}
}
@inproceedings{stallinger2011migrating,
  title={Migrating towards evolving software product lines: Challenges of an SME in a core customer-driven industrial systems engineering context},
  author={Stallinger, Fritz and Neumann, Robert and Schossleitner, Robert and Kriener, Stephan},
  booktitle={Proceedings of the 2nd International Workshop on Product Line Approaches in Software Engineering},
  pages={20--24},
  year={2011}
}
@inproceedings{favre1996preprocessors,
  title={Preprocessors from an abstract point of view},
  author={Favre, J-M},
  booktitle={Proceedings of WCRE'96: 4rd Working Conference on Reverse Engineering},
  pages={287--296},
  year={1996},
  organization={IEEE}
}
@inproceedings {spencer1992,
  author = {Henry Spencer and Geoff Collyer},
  title = {$\#$ifdef Considered Harmful, or Portability Experience with C News},
  booktitle = {USENIX Summer 1992 Technical Conference (USENIX Summer 1992 Technical Conference)},
  year = {1992},
  address = {San Antonio, TX},
  url = {https://www.usenix.org/conference/usenix-summer-1992-technical-conference/ifdef-considered-harmful-or-portability},
  publisher = {USENIX Association},
  month = jun,
}
@inproceedings{le2011ifdef,
  title={\# ifdef confirmed harmful: Promoting understandable software variation},
  author={Le, Duc and Walkingshaw, Eric and Erwig, Martin},
  booktitle={2011 IEEE Symposium on Visual Languages and Human-Centric Computing (VL/HCC)},
  pages={143--150},
  year={2011},
  organization={IEEE}
}
@inproceedings{fischer2014enhancing,
  title={Enhancing clone-and-own with systematic reuse for developing software variants},
  author={Fischer, Stefan and Linsbauer, Lukas and Lopez-Herrejon, Roberto Erick and Egyed, Alexander},
  booktitle={2014 IEEE International conference on software maintenance and evolution},
  pages={391--400},
  year={2014},
  organization={IEEE}
}
@inproceedings{van2001notion,
  title={On the notion of variability in software product lines},
  author={Van Gurp, Jilles and Bosch, Jan and Svahnberg, Mikael},
  booktitle={Proceedings Working IEEE/IFIP Conference on Software Architecture},
  pages={45--54},
  year={2001},
  organization={IEEE}
}
@incollection{apel2013software,
  title={Software product lines},
  author={Apel, Sven and Batory, Don and K{\"a}stner, Christian and Saake, Gunter},
  booktitle={Feature-oriented software product lines},
  pages={3--15},
  year={2013},
  publisher={Springer}
}
@book{bosch2000design,
  title={Design and use of software architectures: adopting and evolving a product-line approach},
  author={Bosch, Jan},
  year={2000},
  publisher={Pearson Education}
}
@article{erwig2011choice,
  title={The choice calculus: A representation for software variation},
  author={Erwig, Martin and Walkingshaw, Eric},
  journal={ACM Transactions on Software Engineering and Methodology (TOSEM)},
  volume={21},
  number={1},
  pages={1--27},
  year={2011},
  publisher={ACM New York, NY, USA}
}